@inproceedings{Barnett06boogie,
  author    = {Mike Barnett and {Bor-yuh} Evan Chang and Robert Deline and Bart Jacobs and K. Rustan M. Leino},
  title     = {{Boogie}: {A} modular reusable verifier for object-oriented programs},
  booktitle = {FMCO 2005},
  volume    = {4111},
  series    = {LNCS},
  year      = {2006},
  pages     = {364--387},
  publisher = {Springer},
}

@inproceedings{boogie11why3,
  author    = {François Bobot and Jean-Christophe Filliâtre and Claude Marché and Andrei Paskevich},
  title     = {{Why3}: {S}hepherd Your Herd of Provers},
  booktitle = {Boogie 2011: 1st Intl. Workshop on Intermediate Verification Languages},
  year      = 2011,
  pages     = {53--64},
}
  address   = {Wroc\l{}aw, Poland},
  month     = {August},

@inproceedings{harrison09hollight,
  author    = "John Harrison",
  title     = "{HOL} {L}ight: An Overview",
  booktitle = "TPHOLs 2009",
  year      = 2009,
  publisher = "Springer",
  series    = "LNCS",
  volume    = 5674,
  pages     = "60--66",
}
  editor    = "Stefan Berghofer and Tobias Nipkow and
               Christian Urban and Makarius Wenzel",
  address   = "Munich, Germany",

@misc{bobot11extended,
  author    = {François Bobot and Andrei Paskevich},
  title     = {Expressing Polymorphic Types
               in a Many-Sorted Language (extended version)},
  url       = {http://hal.inria.fr/inria-00591414/en/},
  year      = {2011},
  month     = jul,
}

@inproceedings{bobot11frocos,
  author    = {François Bobot and Andrei Paskevich},
  title     = {Expressing Polymorphic Types in a Many-Sorted Language},
  booktitle = {FroCoS'11},
  series    = {LNAI},
  volume    = {6989},
  publisher = {Springer},
  pages     = {87--102},
  year      = {2011},
}
  month     = sep,
  address   = "Saarbr{\"u}cken, Germany",

@inproceedings{couchot07cade,
  author    = {Jean-Fran\c{c}ois Couchot and St\'ephane Lescuyer},
  title     = {Handling Polymorphism in Automated Deduction},
  booktitle = {CADE-21},
  year      = {2007},
  series    = {LNAI},
  volume    = {4603},
  publisher = {Springer},
  pages     = {263--278},
}
  month     = jul,
  address   = "Bremen, Germany",

@inproceedings{leino10tacas,
  author    = {K. Rustan M. Leino and Philipp R{\"u}mmer},
  title     = {A Polymorphic Intermediate Verification Language: Design
               and Logical Encoding},
  booktitle = {TACAS'10},
  year      = {2010},
  series    = {LNCS},
  volume    = {6015},
  publisher = {Springer},
  pages     = {312--327},
}
  month     = mar,
  address   = {Paphos, Cyprus},


%decoration unformal
@INPROCEEDINGS{Hurd02anlcf-style,
    author = {Joe Hurd},
    title = {An {LCF}-style interface between {HOL} and first-order logic},
    booktitle = {CADE-18},
    series = {LNAI},
    volume = {2392},
    year = {2002},
    pages = {134--138},
    publisher = {Springer}
}

%uncorrect but with proof
@INPROCEEDINGS{Hurd03first-orderproof,
    author = {Joe Hurd},
    title = {First-order proof tactics in higher-order logic theorem provers},
    booktitle = {Design and Application of Strategies/Tactics in Higher Order Logics},
    publisher = {NASA Technical Report NASA/CP-2003-212448},
    year = {2003},
    pages = {56--68}
}

@Manual{CoqManualV8,
  author = {{The Coq Development Team}},
  title  = {The {Coq} Proof Assistant Reference Manual -- Version {V8.0}},
  year   = 2004,
  url   = {http://coq.inria.fr},
}
  month  = apr,

%For the bench origins
@InProceedings{filliatre04icfem,
  author = 	 {Jean-Christophe Filli{\^a}tre and Claude March{\'e}},
  title = 	 {Multi-Prover Verification of {C} Programs},
  booktitle =    {ICFEM'04},
  series =	 {LNCS},
  volume = 3308,
  year = {2004},
  pages = {15--29},
  publisher = {Springer},
  topics = {team},
  type_publi = {icolcomlec},
}
  Proc.~of 6th International Conference on Formal Engineering Methods},

Proceedings{icfem04,
  title = 	 {Formal Engineering Methods},
  year = 	 2004,
  booktitle =	 {6th International Conference on Formal Engineering Methods},
  series =	 {LNCS},
  volume = 3308,
  editor = {Jim Davies and Wolfram Schulte and Mike Barnett},
  address =	 {Seattle, WA, USA},
  month =	 nov,
  publisher =	 {SV}
}

%for provers with polymorphism
@InProceedings{conchon08smt,
  author = 	 {Fran\c{c}ois Bobot and Sylvain Conchon and \'Evelyne Contejean
  and St\'ephane Lescuyer},
  title = 	 {Implementing Polymorphism in {SMT} solvers},
  booktitle =	 {SMT'08},
  pages = {1--5},
  year =	 2008,
  volume = 367,
  series = {ACM ICPS},
}

%for provers with polymorphism
@Misc{ergo,
  author =	 {Sylvain Conchon and \'Evelyne Contejean},
  title =	 {The {Alt-Ergo} automatic Theorem Prover},
  url = {http://alt-ergo.lri.fr/},
  topics = "team,lri",
  year = 2008,
}

%prover for the bench
@InProceedings{Moura-Bjorner08,
  author =	"Leonardo de Moura and Nikolaj Bj{\o}rner",
  title =	"{Z3}: An Efficient {SMT} Solver",
  year = 	"2008",
  pages =	"337--340",
  booktitle =	"TACAS'08",
  publisher =	"Springer",
  series =	"LNCS",
  volume =	"4963",
}

%prover for the bench
@InProceedings{Barrett-Tinelli07,
  author =	"Clark Barrett and Cesare Tinelli",
  title =	"{CVC3}",
  booktitle =   "CAV'07",
  series =	"LNCS",
  volume =	"4590",
  year = 	"2007",
  publisher =	"Springer",
  pages =	"298--302",
}
  month =	jul,

@TECHREPORT{Dutertre06theyices,
    author = {Bruno Dutertre and Leonardo de Moura},
    title = {The {YICES} {SMT} Solver},
    institution = {SRI International},
    year = {2006}
}

%SMTLIB2
@TECHREPORT{BarST-RR-10,
  author =	 {Clark Barrett and Aaron Stump and Cesare Tinelli},
  title =	 {{The {SMT-LIB} Standard: Version 2.0}},
  institution =	 {Department of Computer Science, The University of Iowa},
  year =	 2010,
}
  note =	 {Available at \url{www.SMT-LIB.org}}

%Can't find a good citation for isabelle...
@book{NipkowPaulsonWenzel2002Isabelle,
  author = {Tobias Nipkow and Lawrence C. Paulson and Markus Wenzel},
  series = {LNCS},
  title = {{Isabelle/HOL} --- A Proof Assistant for Higher-Order Logic},
  publisher = {Springer},
  volume = 2283,
  year = 2002,
}

%a citer dans l'intro
@article{Meng_translatinghigher-order,
    author = {Jia Meng and Lawrence C. Paulson},
    title = {Translating Higher-Order Clauses to First-Order Clauses},
    year = {2008},
    journal = "Journal of Automated Reasoning",
    volume = {40},
    number = {1},
    pages  = {35--60}
}

@book{Manzano96,
  author = {Maria Manzano},
  title = {Extensions of First-Order Logic},
  series = {Cambridge Tracts in Theoretical Computer Science},
  publisher = {Cambridge University Press},
  year = {1996},
  volume = {19}
}

@Misc{Why3site,
  author = {François Bobot and Jean-Christophe Filliâtre and Claude Marché and Andrei Paskevich},
  title = {{Why3}, a theorem proving framework},
  url = {http://why3.lri.fr/},
  topics = "team,lri",
  year = 2010,
}

@InProceedings{Vampire,
   author = {Riazanov, Alexandre and Voronkov, Andrei},
   affiliation = {University of Manchester Computer Science Department UK},
   title = {Vampire 1.1},
   booktitle = {IJCAR'01},
   series = {LNCS},
   publisher = {Springer},
   pages = {376--380},
   volume = {2083},
   year = {2001}
}

@inproceedings{SPASS,
 author = {Weidenbach, Christoph and Dimova, Dilyana and Fietzke, Arnaud and Kumar, Rohit and Suda, Martin and Wischnewski, Patrick},
 title = {{SPASS} Version 3.5},
 booktitle = {CADE-22},
 series = {LNCS},
 volume = {5663},
 year = {2009},
 pages = {140--145},
 publisher = {Springer},
}

@misc{TFF0,
  author = "Geoff Sutcliffe and Stephan Schulz and Koen Claessen and Peter Baumgartner",
  title = "The {TPTP} typed first-order form and arithmetic",
  howpublished = "\url{https://sites.google.com/site/polymorphictptptff/relevant-links/tff-tfa/TFFArith.pdf}",
  note = "Rejected from CADE-23",
  year = 2011}

@book{gordon-melham-1993,
  editor = "M. J. C. Gordon and T. F. Melham",
  title = "Introduction to {HOL}: A Theorem Proving Environment for Higher Order Logic",
  publisher = "Cambridge University Press",
  year = 1993}

@misc{geoff-tptptp-notes,
  author = "Geoff Sutcliffe",
  title = "{TPTP Tea Party} notes",
  day = 4,
  month = "Aug.",
  year = 2011,
  note = "Private communication"}

@misc{blanchette-et-al-2012-mono,
  author = "Jasmin Christian Blanchette and Sascha B{\"o}hme and Nicholas Smallbone",
  title = "Monotonicity or How to Encode Polymorphic Types Safely and Efficiently",
  note = "Submitted"}
% at \emph{TACAS 2012}

@book{nipkow-et-al-2002,
  author = "Tobias Nipkow and Lawrence C. Paulson and Markus Wenzel",
  title = "{I}sabelle/{HOL}: A Proof Assistant for Higher-Order Logic",
  publisher="Springer",
  series={{LNCS}},
  volume={2283},
  year=2002}

@inproceedings{harrison-1996,
  author = "John Harrison",
  title = "{HOL} {L}ight: A Tutorial Introduction",
  booktitle = "FMCAD 1996",
  publisher = "Springer",
  series = "LNCS",
  volume = "1166",
  pages = "265--269",
  year = 1996}
